<?xml version="1.0" encoding="UTF-8"?>
<SOAP-ENV:Envelope xmlns:SOAP-ENV="http://schemas.xmlsoap.org/soap/envelope/" xmlns:of="http://oss.dbc.dk/ns/openformat" xmlns:ofo="http://oss.dbc.dk/ns/openformatoutput"><SOAP-ENV:Body><of:formatResponse><marc21><mx:record xmlns:mx="http://www.loc.gov/MARC21/slim" format="MARC21" type="Bibliographic"><mx:leader>00000njm a22000000c 4500</mx:leader><mx:controlfield tag="007">s|||||||||||||</mx:controlfield><mx:controlfield tag="008">000212s1999    fr |||||||||||||||||   |d</mx:controlfield><mx:datafield ind1=" " ind2=" " tag="020"><mx:subfield code="c">kr. 145,00</mx:subfield></mx:datafield><mx:datafield ind1="8" ind2=" " tag="024"><mx:subfield code="a">0639842612920</mx:subfield></mx:datafield><mx:datafield ind1="1" ind2=" " tag="029"><mx:subfield code="a">DKDLA</mx:subfield><mx:subfield code="b">870970-basis:42159530</mx:subfield></mx:datafield><mx:datafield ind1=" " ind2=" " tag="040"><mx:subfield code="a">DKDLA</mx:subfield><mx:subfield code="b">dan</mx:subfield><mx:subfield code="c">DKDLA</mx:subfield></mx:datafield><mx:datafield ind1="1" ind2=" " tag="100"><mx:subfield code="a">Rameau, Jean-Philippe</mx:subfield></mx:datafield><mx:datafield ind1="1" ind2="0" tag="240"><mx:subfield code="a">Les fêtes d'Hébé.</mx:subfield><mx:subfield code="p">Ouverture.</mx:subfield><mx:subfield code="p">Balletmusik</mx:subfield></mx:datafield><mx:datafield ind1="1" ind2="0" tag="245"><mx:subfield code="a">Musique de ballet 1979-1999 :</mx:subfield><mx:subfield code="b">20ème anniversaire Les Arts Florissants /</mx:subfield><mx:subfield code="c">Les Arts Florissants ; dirigent: William Christie</mx:subfield></mx:datafield><mx:datafield ind1=" " ind2=" " tag="260"><mx:subfield code="a">Paris :</mx:subfield><mx:subfield code="b">Erato,</mx:subfield><mx:subfield code="c">p 1999</mx:subfield></mx:datafield><mx:datafield ind1=" " ind2=" " tag="300"><mx:subfield code="a">1 cd :</mx:subfield><mx:subfield code="b">digitaloptagelse</mx:subfield></mx:datafield><mx:datafield ind1="1" ind2=" " tag="700"><mx:subfield code="a">Christie, William</mx:subfield></mx:datafield><mx:datafield ind1="2" ind2=" " tag="710"><mx:subfield code="a">Les Arts Florissants</mx:subfield></mx:datafield></mx:record><hs>DKDLA</hs></marc21></of:formatResponse></SOAP-ENV:Body></SOAP-ENV:Envelope>
